@article{trendMicro,
	title = {Challenges and {Countermeasures} for {Web} {Applications}.},
	volume = {2},
	url = {http://search.ebscohost.com/login.aspx?direct=true&profile=ehost&scope=site&authtype=crawler&jrnl=09765697&AN=66863080&h=VZkqiPeGIMQw4pWWsRLai4mHhcy2a3wr4%2F%2Bu9YWPaebVhg4XRoDApRzOW8KdH%2FdFJHdcNVU%2BWEcxWm0jdfzsUg%3D%3D&crl=c},
	number = {3},
	urldate = {2017-03-04},
	journal = {International Journal of Advanced Research in Computer Science},
	author = {Sharma, Mayank and Pragati, G. and Nagamani, O.},
	year = {2011},
	file = {TrendMicro whitepaper - Web Threats.pdf:files/98/TrendMicro whitepaper - Web Threats.pdf:application/pdf}
}

@article{f5whitepaper,
	title = {The {New} {Data} {Center} {Firewall} {Paradigm}},
	journal = {F5 Networks, Inc., Seattle},
	author = {MacVittie, Lori and Holmes, David},
	year = {2012},
	file = {the-application-delivery-firewall-paradigm-.pdf:files/13/the-application-delivery-firewall-paradigm-.pdf:application/pdf}
}

@inproceedings{aSurveyOnWeb,
	title = {A {Survey} on {Web} {Application} {Vulnerabilities} ({SQLIA}, {XSS}) {Exploitation} and {Security} {Engine} for {SQL} {Injection}},
	isbn = {978-1-4673-1538-8 978-0-7695-4692-6},
	url = {http://ieeexplore.ieee.org/document/6200667/},
	doi = {10.1109/CSNT.2012.104},
	urldate = {2017-03-04},
	publisher = {IEEE},
	author = {Johari, Rahul and Sharma, Pankaj},
	month = may,
	year = {2012},
	pages = {453--458},
	file = {A Survey on Web Application Vulnerabilities (SQLIA, XSS) Exploitation and Security Engine for SQL Injection - 552f70e40cf22d437170e1cb.pdf:files/65/552f70e40cf22d437170e1cb.pdf:application/pdf}
}

@inproceedings{aClassificationOfSQL,
	title = {A classification of {SQL}-injection attacks and countermeasures},
	volume = {1},
	url = {http://www.cc.gatech.edu/fac/Alex.Orso/papers/halfond.viegas.orso.ISSSE06.pdf},
	urldate = {2017-02-22},
	booktitle = {Proceedings of the {IEEE} {International} {Symposium} on {Secure} {Software} {Engineering}},
	publisher = {IEEE},
	author = {Halfond, William G. and Viegas, Jeremy and Orso, Alessandro},
	year = {2006},
	pages = {13--15},
	file = {profiles.dvi - halfond.viegas.orso.ISSSE06.pdf:files/63/halfond.viegas.orso.ISSSE06.pdf:application/pdf}
}

@inproceedings{xssdm,
	title = {{XSSDM}: {Towards} detection and mitigation of cross-site scripting vulnerabilities in web applications},
	isbn = {978-1-4799-8790-0 978-1-4799-8792-4},
	shorttitle = {{XSSDM}},
	url = {http://ieeexplore.ieee.org/document/7275912/},
	doi = {10.1109/ICACCI.2015.7275912},
	urldate = {2016-10-31},
	publisher = {IEEE},
	author = {Gupta, Mukesh Kumar and Govil, Mahesh Chandra and Singh, Girdhari and Sharma, Priya},
	month = aug,
	year = {2015},
	pages = {2010--2015},
	file = {gupta2015.pdf:files/9/gupta2015.pdf:application/pdf}
}

@misc{owaspXSS,
	title = {Cross-site {Scripting} ({XSS}) - {OWASP}},
	url = {https://www.owasp.org/index.php/Cross-site_Scripting_(XSS)},
	urldate = {2017-02-23},
	month = feb,
	year = {2017},
	file = {Cross-site Scripting (XSS) - OWASP:files/69/Cross-site_Scripting_(XSS).html:text/html}
}

@misc{owaspXSSDOM,
	title = {{DOM} {Based} {XSS} - {OWASP}},
	url = {https://www.owasp.org/index.php/DOM_Based_XSS},
	urldate = {2017-02-23},
	month = feb,
	year = {2017},
	file = {DOM Based XSS - OWASP:files/67/DOM_Based_XSS.html:text/html}
}

@misc{owaspRFI,
	title = {Testing for {Remote} {File} {Inclusion} - {OWASP}},
	url = {https://www.owasp.org/index.php/Testing_for_Remote_File_Inclusion},
	urldate = {2017-02-23},
	month = feb,
	year = {2017},
	file = {Testing for Remote File Inclusion - OWASP:files/71/Testing_for_Remote_File_Inclusion.html:text/html}
}

@incollection{detectionAndPreventionSQL,
	title = {Detection and prevention of sql injection attacks},
	url = {http://link.springer.com/chapter/10.1007/978-0-387-44599-1_5},
	urldate = {2016-11-29},
	booktitle = {Malware {Detection}},
	publisher = {Springer},
	author = {Halfond, William GJ and Orso, Alessandro},
	year = {2007},
	pages = {85--109}
}

@misc{owaspSQLPrevention,
	title = {{SQL} {Injection} {Prevention} {Cheat} {Sheet} - {OWASP}},
	url = {https://www.owasp.org/index.php/SQL_Injection_Prevention_Cheat_Sheet#Least_Privilege},
	urldate = {2017-02-24},
	file = {SQL Injection Prevention Cheat Sheet - OWASP:files/74/SQL_Injection_Prevention_Cheat_Sheet.html:text/html}
}

@misc{htmlPurifier,
	title = {{HTML} {Purifier} - {Filter} your {HTML} the standards-compliant way!},
	url = {http://htmlpurifier.org/},
	urldate = {2017-02-24},
	file = {HTML Purifier - Filter your HTML the standards-compliant way!:files/78/htmlpurifier.org.html:text/html}
}

@inproceedings{mainPaper,
	title = {A {Signature}-{Based} {Intrusion} {Detection} {System} for {Web} {Applications} based on {Genetic} {Algorithm}},
	isbn = {978-1-4503-4764-8},
	url = {http://dl.acm.org/citation.cfm?doid=2947626.2951964},
	doi = {10.1145/2947626.2951964},
	language = {en},
	urldate = {2016-10-31},
	publisher = {ACM Press},
	author = {Bronte, Robert and Shahriar, Hossain and Haddad, Hisham M.},
	year = {2016},
	pages = {32--39},
	file = {Microsoft Word - 141.docx - p32-bronte.pdf:files/7/p32-bronte.pdf:application/pdf}
}

@inproceedings{onTheVerification,
	title = {On the {Verification} and {Validation} of {Signature}-{Based}, {Network} {Intrusion} {Detection} {Systems}},
	isbn = {978-1-4673-4638-2 978-0-7695-4888-3},
	url = {http://ieeexplore.ieee.org/document/6405405/},
	doi = {10.1109/ISSRE.2012.16},
	urldate = {2016-10-31},
	publisher = {IEEE},
	author = {Massicotte, Frederic and Labiche, Yvan},
	month = nov,
	year = {2012},
	pages = {61--70},
	file = {massicotte2012.pdf:files/21/massicotte2012.pdf:application/pdf}
}

@article{metaInvincible,
	title = {Are metamorphic viruses really invincible},
	volume = {12},
	url = {http://www.iscas2007.org/~arun/papers/invincible-complete.pdf},
	urldate = {2016-11-05},
	journal = {Virus Bulletin},
	author = {Lakhotia, Arun and Kapoor, Aditya and Kumar, E. U.},
	year = {2004},
	pages = {57}
}

@article{metaHunting,
	title = {Hunting for undetectable metamorphic viruses},
	volume = {7},
	issn = {1772-9890, 1772-9904},
	url = {http://link.springer.com/10.1007/s11416-010-0148-y},
	doi = {10.1007/s11416-010-0148-y},
	language = {en},
	number = {3},
	urldate = {2016-11-05},
	journal = {Journal in Computer Virology},
	author = {Lin, Da and Stamp, Mark},
	month = aug,
	year = {2011},
	pages = {201--214},
	file = {lin2011.pdf:files/27/lin2011.pdf:application/pdf}
}

@book{dataManagementSystems,
	address = {Boston, MA},
	title = {Data mining: practical machine learning tools and techniques},
	isbn = {978-0-12-804291-5},
	shorttitle = {Data mining},
	publisher = {Elsevier},
	author = {Witten, Ian},
	year = {2016},
	file = {(Morgan Kaufmann Series in Data Management Systems) Ian H. Witten, Eibe Frank, Mark A. Hall, Christopher J. Pal-Data Mining_ Practical Machine Learning Tools and Techniques-Morgan Kaufmann (2016).pdf:files/94/(Morgan Kaufmann Series in Data Management Systems) Ian H. Witten, Eibe Frank, Mark A. Hall, Christopher J. Pal-Data Mining_ Practical Machine Learning Tools and Techniques-Morga.pdf:application/pdf}
}

@inproceedings{supervisedMachineLearning,
 author = {Kotsiantis, S. B.},
 title = {Supervised Machine Learning: A Review of Classification Techniques},
 booktitle = {Proceedings of the 2007 Conference on Emerging Artificial Intelligence Applications in Computer Engineering: Real Word AI Systems with Applications in eHealth, HCI, Information Retrieval and Pervasive Technologies},
 year = {2007},
 isbn = {978-1-58603-780-2},
 pages = {3--24},
 numpages = {22},
 url = {http://dl.acm.org/citation.cfm?id=1566770.1566773},
 acmid = {1566773},
 publisher = {IOS Press},
 address = {Amsterdam, The Netherlands, The Netherlands},
 keywords = {Classifiers, Data Mining, Intelligent Data Analysis, Learning Algorithms}
} 

@article{searchBasedSoftwareEngineering,
	title = {Search-based software engineering: {Trends}, techniques and applications},
	volume = {45},
	issn = {03600300},
	shorttitle = {Search-based software engineering},
	url = {http://dl.acm.org/citation.cfm?doid=2379776.2379787},
	doi = {10.1145/2379776.2379787},
	language = {en},
	number = {1},
	urldate = {2016-10-31},
	journal = {ACM Computing Surveys},
	author = {Harman, Mark and Mansouri, S. Afshin and Zhang, Yuanyuan},
	month = nov,
	year = {2012},
	pages = {1--61},
	file = {harman2012.pdf:files/23/harman2012.pdf:application/pdf}
}

@inproceedings{testingNetworkBased,
	title = {Testing network-based intrusion detection signatures using mutant exploits},
	isbn = {978-1-58113-961-7},
	url = {http://portal.acm.org/citation.cfm?doid=1030083.1030088},
	doi = {10.1145/1030083.1030088},
	language = {en},
	urldate = {2016-10-31},
	publisher = {ACM Press},
	author = {Vigna, Giovanni and Robertson, William and Balzarotti, Davide},
	year = {2004},
	pages = {21},
	file = {p21-vigna.pdf:files/11/p21-vigna.pdf:application/pdf}
}

@incollection{intrusionDetectionCostBased,
	address = {Cham},
	title = {Intrusion {Detection} {System} {Based} on {Cost} {Based} {Support} {Vector} {Machine}},
	volume = {463},
	isbn = {978-3-319-40414-1 978-3-319-40415-8},
	url = {http://link.springer.com/10.1007/978-3-319-40415-8_11},
	urldate = {2016-11-27},
	booktitle = {Recent {Advances} in {Information} and {Communication} {Technology} 2016},
	publisher = {Springer International Publishing},
	author = {Hassan, Md. Rafiul},
	editor = {Meesad, Phayung and Boonkrong, Sirapat and Unger, Herwig},
	year = {2016},
	pages = {105--115},
	file = {10.1007@978-3-319-40415-811.pdf:files/33/10.1007@978-3-319-40415-811.pdf:application/pdf}
}

@misc{rbfSVMParameters,
	title = {{RBF} {SVM} parameters — scikit-learn 0.18.1 documentation},
	url = {http://scikit-learn.org/stable/auto_examples/svm/plot_rbf_parameters.html},
	urldate = {2017-02-28},
	file = {RBF SVM parameters — scikit-learn 0.18.1 documentation:files/89/plot_rbf_parameters.html:text/html}
}

@inproceedings{intrusionDetectionNeural,
	title = {Intrusion detection using neural networks and support vector machines},
	volume = {2},
	url = {http://ieeexplore.ieee.org/xpls/abs_all.jsp?arnumber=1007774},
	urldate = {2016-11-27},
	booktitle = {Neural {Networks}, 2002. {IJCNN}'02. {Proceedings} of the 2002 {International} {Joint} {Conference} on},
	publisher = {IEEE},
	author = {Mukkamala, Srinivas and Janoski, Guadalupe and Sung, Andrew},
	year = {2002},
	pages = {1702--1707},
	file = {10.1109@ijcnn.2002.1007774.pdf:files/35/10.1109@ijcnn.2002.1007774.pdf:application/pdf}
}

@misc{sqlmap,
	title = {sqlmap: automatic {SQL} injection and database takeover tool},
	url = {http://sqlmap.org/},
	urldate = {2016-11-28},
	month = nov,
	year = {2016},
	file = {sqlmap\: automatic SQL injection and database takeover tool:files/51/sqlmap.org.html:text/html}
}

@misc{grabber,
	title = {Grabber {\textbar} {Penetration} {Testing} {Tools}},
	url = {http://tools.kali.org/web-applications/grabber},
	urldate = {2016-11-28},
	month = nov,
	year = {2016},
	file = {Grabber | Penetration Testing Tools:files/49/grabber.html:text/html}
}

@misc{xsser,
	title = {epsylon/xsser-public: {XSSer} - {Cross} {Site} "{Scripter}"},
	url = {https://github.com/epsylon/xsser-public},
	urldate = {2016-11-28},
	month = nov,
	year = {2016},
	file = {epsylon/xsser-public\: XSSer - Cross Site "Scripter":files/47/xsser-public.html:text/html}
}

@misc{httpfox,
	title = {{HttpFox}},
	url = {https://addons.mozilla.org/en-US/firefox/addon/httpfox/},
	abstract = {An HTTP analyzer addon for Firefox},
	urldate = {2017-02-25},
	file = {Snapshot:files/80/httpfox.html:text/html}
}

@misc{fimap,
	title = {fimap {\textbar} {Penetration} {Testing} {Tools}},
	url = {http://tools.kali.org/web-applications/fimap},
	urldate = {2016-11-28},
	month = nov,
	year = {2016},
	file = {fimap | Penetration Testing Tools:files/45/fimap.html:text/html}
}

@misc{oracle,
	title = {{PL}/{SQL} {Reserved} {Words} and {Keywords}},
	url = {https://docs.oracle.com/cd/B19306_01/appdev.102/b14261/reservewords.htm},
	urldate = {2016-11-17},
	month = nov,
	year = {2016},
	file = {PL/SQL Reserved Words and Keywords:files/29/reservewords.html:text/html}
}

@misc{mysql,
	title = {{MySQL} :: {MySQL} 5.7 {Reference} {Manual} :: 10.3 {Keywords} and {Reserved} {Words}},
	url = {https://dev.mysql.com/doc/refman/5.7/en/keywords.html},
	urldate = {2017-03-04},
	file = {MySQL \:\: MySQL 5.7 Reference Manual \:\: 10.3 Keywords and Reserved Words:files/114/keywords.html:text/html}
}

@misc{w3c1,
	title = {Window {Object}},
	url = {https://www.w3schools.com/jsref/obj_window.asp},
	urldate = {2017-03-04},
	file = {Window Object:files/108/obj_window.html:text/html}
}

@misc{w3c2,
	title = {{HTML} {DOM} {Document} {Objects}},
	url = {https://www.w3schools.com/jsref/dom_obj_document.asp},
	urldate = {2017-03-04},
	file = {HTML DOM Document Objects:files/110/dom_obj_document.html:text/html}
}

@misc{w3c3,
	title = {{HTML} {Attributes}},
	url = {https://www.w3schools.com/tags/ref_attributes.asp},
	urldate = {2017-03-04},
	file = {HTML Attributes:files/112/ref_attributes.html:text/html}
}

@misc{php,
	title = {{PHP}: {List} of {Keywords} - {Manual}},
	url = {http://php.net/manual/en/reserved.keywords.php},
	urldate = {2017-03-06},
	file = {PHP\: List of Keywords - Manual:/home/tyler/.zotero/zotero/rdghhxba.default/zotero/storage/IV87JWP9/reserved.keywords.html:text/html}
}

@misc{scikit-learn,
	title = {scikit-learn: machine learning in {Python} — scikit-learn 0.18.1 documentation},
	url = {http://scikit-learn.org/stable/index.html},
	urldate = {2016-11-28},
	month = nov,
	year = {2016},
	file = {scikit-learn\: machine learning in Python — scikit-learn 0.18.1 documentation:files/43/index.html:text/html}
}

@article{optimalPopulationGenetic,
	title = {Optimal population size and the genetic algorithm},
	volume = {100},
	url = {http://citeseerx.ist.psu.edu/viewdoc/download?doi=10.1.1.417.1552&rep=rep1&type=pdf},
	number = {400},
	urldate = {2017-02-22},
	journal = {Population},
	author = {Rylander, STANLEY GOTSHALL BART},
	year = {2002},
	pages = {900},
	file = {download:files/61/download.pdf:application/pdf}
}

@article{optimizationOfControlParameters,
	title = {Optimization of control parameters for genetic algorithms},
	volume = {16},
	url = {http://ieeexplore.ieee.org/xpls/abs_all.jsp?arnumber=4075583},
	number = {1},
	urldate = {2016-10-31},
	journal = {IEEE Transactions on systems, man, and cybernetics},
	author = {Grefenstette, John J.},
	year = {1986},
	pages = {122--128},
	file = {grefenstette1986.pdf:files/17/grefenstette1986.pdf:application/pdf}
}

@inproceedings{aNewStrategy,
	title = {A new strategy for adapting the mutation probability in genetic algorithms},
	url = {http://sedici.unlp.edu.ar/handle/10915/23593},
	urldate = {2016-10-31},
	booktitle = {{XVIII} {Congreso} {Argentino} de {Ciencias} de la {Computación}},
	author = {Stark, Natalia and Minetti, Gabriela F. and Salto, Carolina},
	year = {2012},
	file = {Microsoft Word - CACIC2012-Stark-Minetti-Salto.doc - Documento_completo.pdf:files/15/Documento_completo.pdf:application/pdf}
}



@inproceedings{test,
 author = {Whitley, L. Darrell},
 title = {The GENITOR Algorithm and Selection Pressure: Why Rank-Based Allocation of Reproductive Trials is Best},
 booktitle = {Proceedings of the 3rd International Conference on Genetic Algorithms},
 year = {1989},
 isbn = {1-55860-066-3},
 pages = {116--123},
 numpages = {8},
 url = {http://dl.acm.org/citation.cfm?id=645512.657257},
 acmid = {657257},
 publisher = {Morgan Kaufmann Publishers Inc.},
 address = {San Francisco, CA, USA}
} 























































@misc{_how_????,
	title = {How the {Genetic} {Algorithm} {Works} - {MATLAB} \& {Simulink}},
	url = {http://www.mathworks.com/help/gads/how-the-genetic-algorithm-works.html},
	urldate = {2017-02-28},
	file = {How the Genetic Algorithm Works - MATLAB & Simulink:files/87/how-the-genetic-algorithm-works.html:text/html}
}








